@InProceedings{rhodin2018unsupervised,
	author = {Rhodin, Helge and Salzmann, Mathieu and Fua, Pascal},
	title = {Unsupervised Geometry-Aware Representation for 3D Human Pose Estimation},
	booktitle = {The European Conference on Computer Vision (ECCV)},
	month = {September},
	year = {2018}
}